@MISC{web:CTK,
  author = {{Common Toolkit}},
  month = {12},
  year = {2011},
  url = {http://www.commontk.org}
}

@MISC{web:FLTK,
  author = {{Fast Light Toolkit}},
  month = {02},
  year = {2012},
  url = {http://www.fltk.org/}
}

@MISC{web:U++,
  author = {Mirek Fídler and Koldo Ramirez and Tomáš Rylek and Daniel Kos},
  title = {{Ultimate++}},
  month = {02},
  year = {2012},
  url = {http://www.ultimatepp.org/}
}

@MISC{web:Autoconf,
  author = {{GNU}},
  title = {Autoconf},
  month = {02},
  year = {2012},
  url = {http://www.gnu.org/software/autoconf/}
}

@MISC{web:Automake,
  author = {{GNU}},
  title = {Automake},
  month = {02},
  year = {2012},
  url = {http://www.gnu.org/software/automake/}
}

@MISC{web:GTK+,
  author = {{GTK+}},
  month = {02},
  year = {2012},
  url = {http://www.gtk.org/}
}

@MISC{web:Kitware,
  author = {Kitware},
  month = {02},
  year = {2012},
  url = {http://www.kitware.com/}
}

@MISC{web:VTK,
  author = {Kitware},
  title = {{Visualization Toolkit}},
  month = {02},
  year = {2012},
  url = {http://vtk.org/}
}

@MISC{web:CMake,
  author = {Kitware},
  title = {{CMake}},
  month = {12},
  year = {2011},
  url = {http://cmake.org/}
}

@MISC{web:ITK,
  author = {Kitware},
  title = {{Insight Toolkit}},
  month = {12},
  year = {2011},
  url = {http://www.itk.org}
}

@MISC{web:Qt,
  author = {Nokia},
  title = {{Qt - Cross-platform application and UI framework}},
  month = {02},
  year = {2012},
  url = {http://qt.nokia.com/}
}

@MISC{web:qmake,
  author = {{Nokia}},
  title = {qmake},
  month = {02},
  year = {2012},
  url = {http://doc.trolltech.com/4.7/qmake-manual.html}
}

@MISC{web:OpenCV,
  author = {{OpenCV}},
  month = {02},
  year = {2012},
  url = {http://opencv.willowgarage.com/}
}

@MISC{web:OSG,
  author = {{OpenSceneGraph}},
  month = {02},
  year = {2012},
  url = {http://www.openscenegraph.org/}
}

@MISC{web:OpenSG,
  author = {{OpenSG}},
  month = {02},
  year = {2012},
  url = {http://www.opensg.org/}
}

@MISC{web:Java3D,
  author = {Oracle},
  title = {{Java 3D}},
  month = {05},
  year = {2011},
  url = {http://java.net/projects/java3d}
}

@MISC{web:Python,
  author = {{Python Software Foundation}},
  title = {{Python}},
  month = {02},
  year = {2012},
  url = {http://python.org/}
}
